% This file was created with Citavi 6.15.2.0

@book{Buxton.2012,
 author = {Buxton, Bill},
 year = {2012},
 title = {Sketching User Experiences: The Workbook},
 publisher = {Elsevier},
 isbn = {9780123819598},
 file = {Sketching User Experiences The Workbook (Saul Greenberg, Sheelagh Carpendale etc.) (Z-Library):Attachments/Sketching User Experiences The Workbook (Saul Greenberg, Sheelagh Carpendale etc.) (Z-Library).pdf:application/pdf}
}


